@inproceedings{agrawal2001storage,
  title={Storage and querying of e-commerce data},
  author={Agrawal, Rakesh and Somani, Amit and Xu, Yirong},
  booktitle={VLDB},
  volume={1},
  pages={149--158},
  year={2001}
}

@inproceedings{Chu:2007:CWA:1247480.1247571,
 author = {Chu, Eric and Beckmann, Jennifer and Naughton, Jeffrey},
 title = {The Case for a Wide-table Approach to Manage Sparse Relational Data Sets},
 booktitle = {Proceedings of the 2007 ACM SIGMOD International Conference on Management of Data},
 series = {SIGMOD '07},
 year = {2007},
 isbn = {978-1-59593-686-8},
 location = {Beijing, China},
 pages = {821--832},
 numpages = {12},
 url = {http://doi.acm.org/10.1145/1247480.1247571},
 doi = {10.1145/1247480.1247571},
 acmid = {1247571},
 publisher = {ACM},
 address = {New York, NY, USA},
 keywords = {relational, sparse data, wide table},
}

@inproceedings{1617426, 
author={Beckmann, J.L. and Halverson, A. and Krishnamurthy, R. and Naughton, J.F.}, 
booktitle={Data Engineering, 2006. ICDE '06. Proceedings of the 22nd International Conference on}, 
title={Extending RDBMSs To Support Sparse Datasets Using An Interpreted Attribute Storage Format}, 
year={2006}, 
pages={58-58}, 
keywords={Data engineering;Demography;Medical information systems;Query processing;Relational databases;Scalability;Statistics}, 
doi={10.1109/ICDE.2006.67}
}

@inproceedings{abadi2007column,
  title={Column Stores for Wide and Sparse Data.},
  author={Abadi, Daniel J},
  booktitle={CIDR},
  pages={292--297},
  year={2007}
}

@article{Cattell:2011:SSN:1978915.1978919,
 author = {Cattell, Rick},
 title = {Scalable SQL and NoSQL Data Stores},
 journal = {SIGMOD Rec.},
 issue_date = {December 2010},
 volume = {39},
 number = {4},
 month = may,
 year = {2011},
 issn = {0163-5808},
 pages = {12--27},
 numpages = {16},
 url = {http://doi.acm.org/10.1145/1978915.1978919},
 doi = {10.1145/1978915.1978919},
 acmid = {1978919},
 publisher = {ACM},
 address = {New York, NY, USA},
}

@inproceedings{Cooper:2010:BCS:1807128.1807152,
 author = {Cooper, Brian F. and Silberstein, Adam and Tam, Erwin and Ramakrishnan, Raghu and Sears, Russell},
 title = {Benchmarking Cloud Serving Systems with YCSB},
 booktitle = {Proceedings of the 1st ACM Symposium on Cloud Computing},
 series = {SoCC '10},
 year = {2010},
 isbn = {978-1-4503-0036-0},
 location = {Indianapolis, Indiana, USA},
 pages = {143--154},
 numpages = {12},
 url = {http://doi.acm.org/10.1145/1807128.1807152},
 doi = {10.1145/1807128.1807152},
 acmid = {1807152},
 publisher = {ACM},
 address = {New York, NY, USA},
 keywords = {benchmarking, cloud serving database},
} 

@article{Floratou:2012:EHN:2367502.2367511,
 author = {Floratou, Avrilia and Teletia, Nikhil and DeWitt, David J. and Patel, Jignesh M. and Zhang, Donghui},
 title = {Can the Elephants Handle the NoSQL Onslaught?},
 journal = {Proc. VLDB Endow.},
 issue_date = {August 2012},
 volume = {5},
 number = {12},
 month = aug,
 year = {2012},
 issn = {2150-8097},
 pages = {1712--1723},
 numpages = {12},
 url = {http://dl.acm.org/citation.cfm?id=2367502.2367511},
 acmid = {2367511},
 publisher = {VLDB Endowment},
} 

@inproceedings{Parker:2013:CNM:2498328.2500047,
 author = {Parker, Zachary and Poe, Scott and Vrbsky, Susan V.},
 title = {Comparing NoSQL MongoDB to an SQL DB},
 booktitle = {Proceedings of the 51st ACM Southeast Conference},
 series = {ACMSE '13},
 year = {2013},
 isbn = {978-1-4503-1901-0},
 location = {Savannah, Georgia},
 pages = {5:1--5:6},
 articleno = {5},
 numpages = {6},
 url = {http://doi.acm.org/10.1145/2498328.2500047},
 doi = {10.1145/2498328.2500047},
 acmid = {2500047},
 publisher = {ACM},
 address = {New York, NY, USA},
 keywords = {MongoDB, NoSQL, SQL, performance, relational, structured data},
}

@inproceedings{Pokorny:2011:NDS:2095536.2095583,
 author = {Pokorny, Jaroslav},
 title = {NoSQL Databases: A Step to Database Scalability in Web Environment},
 booktitle = {Proceedings of the 13th International Conference on Information Integration and Web-based Applications and Services},
 series = {iiWAS '11},
 year = {2011},
 isbn = {978-1-4503-0784-0},
 location = {Ho Chi Minh City, Vietnam},
 pages = {278--283},
 numpages = {6},
 url = {http://doi.acm.org/10.1145/2095536.2095583},
 doi = {10.1145/2095536.2095583},
 acmid = {2095583},
 publisher = {ACM},
 address = {New York, NY, USA},
 keywords = {CAP theorem, NoSQL database, cloud computing, horizontal data distribution, horizontal scaling, vertical scaling, weak consistency},
} 

@inproceedings{6059864, 
author={Bonnet, L. and Laurent, A. and Sala, M. and Laurent, B. and Sicard, N.}, 
booktitle={Database and Expert Systems Applications (DEXA), 2011 22nd International Workshop on}, 
title={Reduce, You Say: What NoSQL Can Do for Data Aggregation and BI in Large Repositories}, 
year={2011}, 
pages={483-488}, 
keywords={SQL;competitive intelligence;data mining;MapReduce algorithm;MongoDB;NoSQL databases;business intelligence;data aggregation;data mining;large repositories;memory-and-time-consumption;Aggregates;Arrays;Availability;Data models;Database systems;Distributed databases;Data Aggregation;MapReduce;Massive Data Sets;Mon-goDB;NoSQL;Read Intensive;SQL;Write Intensive}, 
doi={10.1109/DEXA.2011.71}, 
ISSN={1529-4188},}

@inproceedings{Mohan:2013:HRI:2452376.2452378,
 author = {Mohan, C.},
 title = {History Repeats Itself: Sensible and NonsenSQL Aspects of the NoSQL Hoopla},
 booktitle = {Proceedings of the 16th International Conference on Extending Database Technology},
 series = {EDBT '13},
 year = {2013},
 isbn = {978-1-4503-1597-5},
 location = {Genoa, Italy},
 pages = {11--16},
 numpages = {6},
 url = {http://doi.acm.org/10.1145/2452376.2452378},
 doi = {10.1145/2452376.2452378},
 acmid = {2452378},
 publisher = {ACM},
 address = {New York, NY, USA},
 keywords = {APIs, DBMS, HBase, JSON, MongoDB, NoSQL, RDBMS, SQL, data models, hype, in-memory, optimization},
}

@online{Oracle:Site:Main,
	title = {Oracle | Hardware and Software, Engineered to Work Together},
	month = jun,
	year = {2013},
	url = {http://www.oracle.com}
}

@online{MySql:Site:Main,
	title = {MySQL ::  The world's most popular open source database},
	month = jun,
	year = {2013},
	url = {http://www.mysql.com}
}

@online{PostgreSQL:Site:Main,
	title = {PostgreSQL: The world's most advanced open source database},
	month = jun,
	year = {2013},
	url = {http://www.postgresql.org}
}

@online{SQLServer:Site:Main,
	title = {Business Intelligence | Database Management | Data Warehousing | Microsoft SQL Server},
	month = jun,
	year = {2013},
	url = {http://www.microsoft.com/en-us/sqlserver/default.aspx}
}